%% Created using Papers on Fri, 05 Jun 2020.
%% http://papersapp.com/papers/

@book{Wesseling:2001ci,
author = {Wesseling, Pieter},
title = {{Principles of Computational Fluid Dynamics}},
publisher = {Springer Berlin Heidelberg},
year = {2001},
volume = {29},
series = {Springer Series in Computational Mathematics},
address = {Berlin, Heidelberg},
doi = {10.1007/978-3-642-05146-3},
isbn = {978-3-642-05145-6},
issn = {0179-3632},
rating = {0},
date-added = {2016-03-29T14:31:30GMT},
date-modified = {2020-06-05T04:08:46GMT},
url = {http://link.springer.com/10.1007/978-3-642-05146-3},
local-url = {file://localhost/Users/atkassen/Dropbox/Library.papers3/Files/5F/5F2166BB-838F-4E26-B951-4BEB027B0107.pdf},
file = {{5F2166BB-838F-4E26-B951-4BEB027B0107.pdf:/Users/atkassen/Dropbox/Library.papers3/Files/5F/5F2166BB-838F-4E26-B951-4BEB027B0107.pdf:application/pdf;5F2166BB-838F-4E26-B951-4BEB027B0107.pdf:/Users/atkassen/Dropbox/Library.papers3/Files/5F/5F2166BB-838F-4E26-B951-4BEB027B0107.pdf:application/pdf}},
uri = {\url{papers3://publication/doi/10.1007/978-3-642-05146-3}}
}

@article{Brown:2001bq,
author = {Brown, David L and Cortez, Ricardo and Minion, Michael L},
title = {{Accurate Projection Methods for the Incompressible Navier{\textendash}Stokes Equations}},
journal = {Journal of Computational Physics},
year = {2001},
volume = {168},
number = {2},
pages = {464--499},
month = apr,
doi = {10.1006/jcph.2001.6715},
language = {English},
read = {Yes},
rating = {0},
date-added = {2019-05-21T18:44:29GMT},
date-modified = {2020-06-05T04:07:51GMT},
url = {http://linkinghub.elsevier.com/retrieve/pii/S0021999101967154},
local-url = {file://localhost/Users/atkassen/Dropbox/Library.papers3/Files/D2/D2308BDC-5A55-449A-A7A4-A1A2A5AB01C6.pdf},
file = {{D2308BDC-5A55-449A-A7A4-A1A2A5AB01C6.pdf:/Users/atkassen/Dropbox/Library.papers3/Files/D2/D2308BDC-5A55-449A-A7A4-A1A2A5AB01C6.pdf:application/pdf}},
uri = {\url{papers3://publication/doi/10.1006/jcph.2001.6715}}
}

@article{Shankar:2015km,
author = {Shankar, Varun and Wright, Grady B and Kirby II, Robert M and Fogelson, Aaron Lee},
title = {{Augmenting the immersed boundary method with Radial Basis Functions (RBFs) for the modeling of platelets in hemodynamic flows}},
journal = {International Journal for Numerical Methods in Fluids},
year = {2015},
volume = {79},
number = {10},
pages = {536--557},
month = jul,
doi = {10.1002/fld.4061},
language = {English},
read = {Yes},
rating = {0},
date-added = {2016-03-29T14:31:30GMT},
date-modified = {2020-06-05T04:07:05GMT},
url = {http://doi.wiley.com/10.1002/fld.4061},
local-url = {file://localhost/Users/atkassen/Dropbox/Library.papers3/Files/53/5358F14B-86EF-42DE-A614-B9BB6531535E.pdf},
file = {{5358F14B-86EF-42DE-A614-B9BB6531535E.pdf:/Users/atkassen/Dropbox/Library.papers3/Files/53/5358F14B-86EF-42DE-A614-B9BB6531535E.pdf:application/pdf}},
uri = {\url{papers3://publication/doi/10.1002/fld.4061}}
}

@phdthesis{Peskin:1972wa,
author = {Peskin, Charles Samuel},
title = {{Flow patterns around heart valves: a digital computer method for solving the equations of motion}},
school = {Yeshiva University, New York},
year = {1972},
publisher = {Yeshiva University, New York},
rating = {0},
date-added = {2019-05-21T18:44:10GMT},
date-modified = {2020-06-05T04:32:59GMT},
local-url = {file://localhost/Users/atkassen/Dropbox/Library.papers3/Files/9D/9D746299-72B9-4513-B10E-C7927BFC0207.pdf},
file = {{9D746299-72B9-4513-B10E-C7927BFC0207.pdf:/Users/atkassen/Dropbox/Library.papers3/Files/9D/9D746299-72B9-4513-B10E-C7927BFC0207.pdf:application/pdf}},
uri = {\url{papers3://publication/uuid/596E02B7-FB5A-44A5-8AAD-29BACC5F1F62}}
}

@article{Fuselier:2013coba,
author = {Fuselier, Edward J and Hangelbroek, T and Narcowich, Francis J and Ward, Joseph D and Wright, Grady B},
title = {{Kernel based quadrature on spheres and other homogeneous spaces}},
journal = {Numerische Mathematik},
year = {2013},
volume = {127},
number = {1},
pages = {57--92},
month = sep,
doi = {10.1007/s00211-013-0581-1},
language = {English},
rating = {0},
date-added = {2019-05-21T18:44:29GMT},
date-modified = {2020-06-05T04:09:27GMT},
url = {http://link.springer.com/10.1007/s00211-013-0581-1},
local-url = {file://localhost/Users/atkassen/Dropbox/Library.papers3/Files/33/3307FBDB-343D-4158-8E9B-402A4023C2B5.pdf},
file = {{3307FBDB-343D-4158-8E9B-402A4023C2B5.pdf:/Users/atkassen/Dropbox/Library.papers3/Files/33/3307FBDB-343D-4158-8E9B-402A4023C2B5.pdf:application/pdf}},
uri = {\url{papers3://publication/doi/10.1007/s00211-013-0581-1}}
}

@article{Fai:2013do,
author = {Fai, Thomas G and Griffith, Boyce Eugene and Mori, Yoichiro and Peskin, Charles Samuel},
title = {{Immersed Boundary Method for Variable Viscosity and Variable Density Problems Using Fast Constant-Coefficient Linear Solvers I: Numerical Method and Results}},
journal = {SIAM Journal on Scientific Computing},
year = {2013},
volume = {35},
number = {5},
pages = {B1132--B1161},
month = jan,
doi = {10.1137/120903038},
language = {English},
read = {Yes},
rating = {0},
date-added = {2016-03-29T14:31:27GMT},
date-modified = {2020-06-05T04:09:56GMT},
url = {http://epubs.siam.org/doi/abs/10.1137/120903038},
local-url = {file://localhost/Users/atkassen/Dropbox/Library.papers3/Files/DE/DEF4CEC9-2504-4718-B492-41E5FAD13602.pdf},
file = {{DEF4CEC9-2504-4718-B492-41E5FAD13602.pdf:/Users/atkassen/Dropbox/Library.papers3/Files/DE/DEF4CEC9-2504-4718-B492-41E5FAD13602.pdf:application/pdf}},
uri = {\url{papers3://publication/doi/10.1137/120903038}}
}

@article{Omori:2012hw,
author = {Omori, Toshihiro and Ishikawa, T and Barth{\`e}s-Biesel, Dominique and Salsac, A V and Imai, Yohsuke and Yamaguchi, T},
title = {{Tension of red blood cell membrane in simple shear flow}},
journal = {Physical Review E},
year = {2012},
volume = {86},
number = {5},
pages = {056321--056329},
month = nov,
doi = {10.1103/PhysRevE.86.056321},
language = {English},
rating = {0},
date-added = {2019-05-21T18:44:29GMT},
date-modified = {2020-06-05T04:14:04GMT},
url = {http://link.aps.org/doi/10.1103/PhysRevE.86.056321},
local-url = {file://localhost/Users/atkassen/Dropbox/Library.papers3/Files/81/81A956C0-1662-4678-B0DC-255E44E3D577.pdf},
file = {{81A956C0-1662-4678-B0DC-255E44E3D577.pdf:/Users/atkassen/Dropbox/Library.papers3/Files/81/81A956C0-1662-4678-B0DC-255E44E3D577.pdf:application/pdf}},
uri = {\url{papers3://publication/doi/10.1103/PhysRevE.86.056321}}
}

@article{Maxian:2018ek,
author = {Maxian, Ondrej and Kassen, Andrew T and Strychalski, Wanda},
title = {{A continuous energy-based immersed boundary method for elastic shells}},
journal = {Journal of Computational Physics},
year = {2018},
volume = {371},
pages = {333--362},
month = oct,
publisher = {Elsevier Inc.},
doi = {10.1016/j.jcp.2018.05.045},
language = {English},
rating = {0},
date-added = {2018-06-18T00:19:44GMT},
date-modified = {2020-06-05T04:08:00GMT},
abstract = {Journal of Computational Physics, 371 (2018) 333{\textendash}362. 10.1016/j.jcp.2018.05.045},
url = {https://doi.org/10.1016/j.jcp.2018.05.045},
local-url = {file://localhost/Users/atkassen/Dropbox/Library.papers3/Files/C0/C03E618F-54ED-44CF-AF76-89D3B0BD296D.pdf},
file = {{C03E618F-54ED-44CF-AF76-89D3B0BD296D.pdf:/Users/atkassen/Dropbox/Library.papers3/Files/C0/C03E618F-54ED-44CF-AF76-89D3B0BD296D.pdf:application/pdf}},
uri = {\url{papers3://publication/doi/10.1016/j.jcp.2018.05.045}}
}

@article{McQueen:1997kw,
author = {McQueen, David M and Peskin, Charles Samuel},
title = {{Shared-Memory Parallel Vector Implementation of the Immersed Boundary Method for the Computation of Blood Flow in the Beating Mammalian Heart}},
journal = {The Journal of Supercomputing},
year = {1997},
volume = {11},
number = {3},
pages = {213--236},
publisher = {Kluwer Academic Publishers},
doi = {10.1023/A:1007951707260},
language = {English},
read = {Yes},
rating = {0},
date-added = {2019-05-21T18:44:06GMT},
date-modified = {2020-06-05T04:08:27GMT},
abstract = {This paper describes the parallel implementation of the immersed boundary method on a shared-memory machine such as the Cray C-90 computer. In this implementation, outer loops are parallelized and inn},
url = {https://link.springer.com/article/10.1023/A:1007951707260},
local-url = {file://localhost/Users/atkassen/Dropbox/Library.papers3/Files/F1/F1262C2F-CE49-45EE-A5EB-58479269000C.pdf},
file = {{F1262C2F-CE49-45EE-A5EB-58479269000C.pdf:/Users/atkassen/Dropbox/Library.papers3/Files/F1/F1262C2F-CE49-45EE-A5EB-58479269000C.pdf:application/pdf}},
uri = {\url{papers3://publication/doi/10.1023/A:1007951707260}}
}

@article{Griffith:2020hi,
author = {Griffith, Boyce Eugene and Patankar, Neelesh A},
title = {{Immersed Methods for Fluid{\textendash}Structure Interaction}},
journal = {Annual Review of Fluid Mechanics},
year = {2020},
volume = {52},
number = {1},
pages = {421--448},
doi = {10.1146/annurev-fluid-010719-060228},
language = {English},
rating = {0},
date-added = {2020-01-09T21:24:21GMT},
date-modified = {2020-06-05T04:09:06GMT},
abstract = {Fluid{\textendash}structure interaction is ubiquitous in nature and occurs at all biological scales. Immersed methods provide mathematical and computational frameworks for modeling fluid{\textendash}structure systems. These methods, which typically use an Eulerian description of the fluid and a Lagrangian description of the structure, can treat thin immersed boundaries and volumetric bodies, and they can model structures that are flexible or rigid or that move with prescribed deformational kinematics. Immersed formulations do not require body-fitted discretizations and thereby avoid the frequent grid regeneration that can otherwise be required for models involving large deformations and displacements. This article reviews immersed methods for both elastic structures and structures with prescribed kinematics. It considers formulations using integral operators to connect the Eulerian and Lagrangian frames and methods that directly apply jump conditions along fluid{\textendash}structure interfaces. Benchmark problems demonstrate the effectiveness of these methods, and selected applications at Reynolds numbers up to approximately 20,000 highlight their impact in biological and biomedical modeling and simulation.},
url = {https://doi.org/10.1146/annurev-fluid-010719-060228},
local-url = {file://localhost/Users/atkassen/Dropbox/Library.papers3/Files/C1/C176F918-24D5-4A85-9858-CEB05D7DFCB8.pdf},
file = {{C176F918-24D5-4A85-9858-CEB05D7DFCB8.pdf:/Users/atkassen/Dropbox/Library.papers3/Files/C1/C176F918-24D5-4A85-9858-CEB05D7DFCB8.pdf:application/pdf}},
uri = {\url{papers3://publication/doi/10.1146/annurev-fluid-010719-060228}}
}

@article{Skalak:1973tp,
author = {Skalak, Richard and Tozeren, A and Zarda, R P and Chien, Shu},
title = {{Strain Energy Function of Red Blood Cell Membranes}},
journal = {Biophysical Journal},
year = {1973},
pages = {245--264},
month = mar,
read = {Yes},
rating = {0},
date-added = {2019-05-21T18:44:07GMT},
date-modified = {2020-06-05T04:35:09GMT},
local-url = {file://localhost/Users/atkassen/Dropbox/Library.papers3/Files/8C/8C243A5D-C842-40AB-B79C-9F5B3DEAA8B4.pdf},
file = {{8C243A5D-C842-40AB-B79C-9F5B3DEAA8B4.pdf:/Users/atkassen/Dropbox/Library.papers3/Files/8C/8C243A5D-C842-40AB-B79C-9F5B3DEAA8B4.pdf:application/pdf}},
uri = {\url{papers3://publication/uuid/5DA8543B-E475-4F64-A5F8-94791ABD35D2}}
}

@article{Peskin:2002go,
author = {Peskin, Charles Samuel},
title = {{The immersed boundary method}},
journal = {Acta Numerica},
year = {2002},
volume = {11},
pages = {479--517},
month = jan,
doi = {10.1017/S0962492902000077},
language = {English},
read = {Yes},
rating = {0},
date-added = {2019-05-21T18:44:15GMT},
date-modified = {2020-06-05T04:07:22GMT},
abstract = {This paper is concerned with the mathematical structure of the immersed boundary (IB) method, which is intended for the computer simulation of fluid{\textendash}structure interaction, especially in biological fluid dynamics. The IB formulation of such problems, derived here from the principle of least ac- tion, involves both Eulerian and Lagrangian variables, linked by the Dirac delta function. Spatial discretization of the IB equations is based on a fixed Cartesian mesh for the Eulerian variables, and a moving curvilinear mesh for the Lagrangian variables. The two types of variables are linked by interaction equations that involve a smoothed approximation to the Dirac delta function. Eulerian/Lagrangian identities govern the transfer of data from one mesh to the other. Temporal discretization is by a second-order Runge{\textendash}Kutta method. Current and future research directions are pointed out, and applications of the IB method are briefly discussed.},
url = {http://journals.cambridge.org/abstract_S0962492902000077},
local-url = {file://localhost/Users/atkassen/Dropbox/Library.papers3/Files/F4/F426B6E1-B962-4B10-A4D0-67F84649183F.pdf},
file = {{F426B6E1-B962-4B10-A4D0-67F84649183F.pdf:/Users/atkassen/Dropbox/Library.papers3/Files/F4/F426B6E1-B962-4B10-A4D0-67F84649183F.pdf:application/pdf}},
uri = {\url{papers3://publication/doi/10.1017/S0962492902000077}}
}

